<?xml version="1.0" encoding="UTF-8"?><collection xmlns="http://www.loc.gov/MARC21/slim"><record><leader>00644nam--2200181-i-4500</leader><controlfield tag="001">000017232</controlfield><controlfield tag="002">20161230</controlfield><controlfield tag="005">20170304140941</controlfield><controlfield tag="008">060222s1000------------r-----000-0-eng-d</controlfield><datafield ind1=" " ind2=" " tag="020"><subfield code="a">92-826-3</subfield></datafield><datafield ind1=" " ind2=" " tag="080"><subfield code="a">621.039.7</subfield></datafield><datafield ind1=" " ind2=" " tag="100"><subfield code="a">Brodersen, K</subfield></datafield><datafield ind1=" " ind2=" " tag="245"><subfield code="a">Mechanisms and interaction phenomena influencing releases in a low- and medium-level waste disposal system. Task 3. Characterization of radioactive waste forms. A series of final reports (1985-89)</subfield></datafield><datafield ind1=" " ind2=" " tag="260"><subfield code="a">Luxembourg</subfield><subfield code="b">Office For Official Publications Of The European Communities</subfield><subfield code="c">1991</subfield></datafield><datafield ind1=" " ind2=" " tag="300"><subfield code="a">92 p</subfield></datafield><datafield ind1=" " ind2=" " tag="490"><subfield code="a">Eur 13662</subfield></datafield><datafield ind1=" " ind2=" " tag="852"><subfield code="a">80172</subfield></datafield><datafield ind1=" " ind2=" " tag="CAT"><subfield code="a">SYS</subfield><subfield code="c">20170304</subfield><subfield code="h">140941</subfield></datafield></record></collection>